% Encoding: UTF-8

@Electronic{gvv_ard_assembly_sevenseg,
  author = {G V V Sharma},
  title  = {{Seven Segment Display through AVR-Assembly}},
  url    = {https://github.com/gadepall/arduino/raw/master/assembly/sevenseg/gvv_ard_assembly_sevenseg.pdf},
}

@Electronic{gvv_ard_assembly_7447,
  author = {G V V Sharma},
  title  = {7447 through {AVR}-{A}ssembly},
  url    = {https://github.com/gadepall/arduino/raw/master/assembly/7447/io/gvv_ard_assembly_7447.pdf},
}

@Electronic{gvv_fourier_series,
  author = {G V V Sharma},
  title  = {Fourier Series through Circuits},
  url    = {https://github.com/gadepall/EE1310/raw/master/fourier/manual/gvv_fourier_series.pdf},
}
